@article{alon2018code2seq,
  title="{code2seq: Generating sequences from structured representations of code}",
  author={Alon, Uri and Brody, Shaked and Levy, Omer and Yahav, Eran},
  journal={arXiv preprint arXiv:1808.01400},
  year={2018}
}
@inproceedings{tonella2004formal,
  title="{Formal concept analysis in software engineering}",
  author={Tonella, Paolo},
  booktitle={Proceedings of the International Conference on Software Engineering},
  pages={743--744},
  year={2004},
  organization={IEEE}
}
@inproceedings{daka2014survey,
  title="{A survey on unit testing practices and problems}",
  author={Daka, Ermira and Fraser, Gordon},
  booktitle={Proceedings of the International Symposium on Software Reliability Engineering (ISSRE)},
  pages={201--211},
  year={2014},
  organization={IEEE}
}
@misc{trenk14,
  author =   "{Andrew Trenk}",
  title =  "{Testing on the Toilet: Writing Descriptive Test
                  Names}",
  year =  2015,
  howpublished = {\url{http://googletesting.blogspot.com/2014/10/testing-on-toilet-}\newline\url{writing-descriptive.html}},
  note = {Accessed: 2019-08-01}
}
@inproceedings{zhang2015automatically,
  title="{Automatically generating test templates from test names}",
  author={Zhang, Benwen and Hill, Emily and Clause, James},
  booktitle={Proceedings of the IEEE/ACM International Conference on Automated Software Engineering (ASE)},
  pages={506--511},
  year={2015},
  organization={IEEE}
}
@inproceedings{arcuri2014automated,
  title="{Automated unit test generation for classes with environment dependencies}",
  author={Arcuri, Andrea and Fraser, Gordon and Galeotti, Juan Pablo},
  booktitle={Proceedings of the ACM/IEEE International Conference on Automated Software Engineering},
  pages={79--90},
  year={2014},
  organization={ACM}
}
@inproceedings{daka2017generating,
  title="{Generating unit tests with descriptive names or: Would you name your children thing1 and thing2?}",
  author={Daka, Ermira and Rojas, Jos{\'e} Miguel and Fraser, Gordon},
  booktitle={Proceedings of the ACM SIGSOFT International Symposium on Software Testing and Analysis},
  pages={57--67},
  year={2017},
  organization={ACM}
}
@inproceedings{host2009debugging,
  title="{Debugging method names}",
  author={H{\o}st, Einar W and {\O}stvold, Bjarte M},
  booktitle={Proceedings of the European Conference on Object-Oriented Programming},
  pages={294--317},
  year={2009},
  organization={Springer}
}
@inproceedings{allamanis2015suggesting,
  title="{Suggesting accurate method and class names}",
  author={Allamanis, Miltiadis and Barr, Earl T and Bird, Christian and Sutton, Charles},
  booktitle={Proceedings of the Joint Meeting of the European Software Engineering Conference and the ACM SIGSOFT Symposium on the Foundations of Software Engineering (ESEC/FSE)},
  pages={38--49},
  year={2015},
  organization={ACM}
}
@article{pradel2018deepbugs,
  title="{DeepBugs: A learning approach to name-based bug detection}",
  author={Pradel, Michael and Sen, Koushik},
  journal={Proceedings of the ACM on Programming Languages},
  volume={2},
  number={OOPSLA},
  pages={147},
  year={2018},
  publisher={ACM}
}
@inproceedings{host2008java,
  title="{The Java programmerâ€™s phrase book}",
  author={H{\o}st, Einar W and {\O}stvold, Bjarte M},
  booktitle={Proceedings of the International Conference on Software Language Engineering},
  pages={322--341},
  year={2008},
  organization={Springer}
}
@inproceedings{zhong2013detecting,
  title="{Detecting API documentation errors}",
  author={Zhong, Hao and Su, Zhendong},
  booktitle={Proceedings of the SIGPLAN Notices},
  pages={803--816},
  year={2013},
  organization={ACM}
}
@inproceedings{singer2008exploiting,
  title="{Exploiting the correspondence between micro patterns and class names}",
  author={Singer, Jeremy and Kirkham, Chris},
  booktitle={Proceedings of the IEEE International Working Conference on Source Code Analysis and Manipulation (SCAM)},
  pages={67--76},
  year={2008},
  organization={IEEE}
}
@inproceedings{allamanis2014learning,
  title="{Learning natural coding conventions}",
  author={Allamanis, Miltiadis and Barr, Earl T and Bird, Christian and Sutton, Charles},
  booktitle={Proceedings of the ACM SIGSOFT International Symposium on Foundations of Software Engineering},
  pages={281--293},
  year={2014},
  organization={ACM}
}
@inproceedings{zhang2016towards,
  title="{Towards automatically generating descriptive names for unit tests}",
  author={Zhang, Benwen and Hill, Emily and Clause, James},
  booktitle={Proceedings of the IEEE/ACM International Conference on Automated Software Engineering},
  pages={625--636},
  year={2016},
  organization={ACM}
}
@inproceedings{fraser2011evosuite,
  title="{EvoSuite: Automatic test suite generation for object-oriented software}",
  author={Fraser, Gordon and Arcuri, Andrea},
  booktitle={Proceedings of the SIGSOFT symposium and the European conference on Foundations of software engineering},
  pages={416--419},
  year={2011},
  organization={ACM}
}
@inproceedings{thummalapenta2009mseqgen,
  title="{MSeqGen: Object-oriented unit-test generation via mining source code}",
  author={Thummalapenta, Suresh and Xie, Tao and Tillmann, Nikolai and De Halleux, Jonathan and Schulte, Wolfram},
  booktitle={Proceedings of the joint meeting of the European Software Engineering Conference and the SIGSOFT Symposium on the Foundations of Software Engineering},
  pages={193--202},
  year={2009},
  organization={ACM}
}
@inproceedings{pollock2007introducing,
  title="{Introducing natural language program analysis}",
  author={Pollock, Lori and Vijay-Shanker, K and Shepherd, David and Hill, Emily and Fry, Zachary P and Maloor, Kishen},
  booktitle={Proceedings of the ACM SIGPLAN-SIGSOFT Workshop on Program Analysis for Software Tools and Engineering},
  pages={15--16},
  year={2007},
  organization={ACM}
}
@inproceedings{shepherd2007using,
  title="{Using natural language program analysis to locate and understand action-oriented concerns}",
  author={Shepherd, David and Fry, Zachary P and Hill, Emily and Pollock, Lori and Vijay-Shanker, K},
  booktitle={Proceedings of the International Conference on Aspect-oriented Software Development},
  pages={212--224},
  year={2007},
  organization={ACM}
}
@incollection{pollock2009natural,
  title="{Natural language-based software analyses and tools for software maintenance}",
  author={Pollock, Lori and Vijay-Shanker, K and Hill, Emily and Sridhara, Giriprasad and Shepherd, David},
  booktitle={Software Engineering},
  pages={94--125},
  year={2009},
  publisher={Springer}
}
@inproceedings{abebe2010natural,
  title="{Natural language parsing of program element names for concept extraction}",
  author={Abebe, Surafel Lemma and Tonella, Paolo},
  booktitle={Proceedings of the International Conference on Program Comprehension},
  pages={156--159},
  year={2010},
  organization={IEEE}
}
@inproceedings{enslen2009mining,
  title="{Mining source code to automatically split identifiers for software analysis}",
  author={Enslen, Eric and Hill, Emily and Pollock, Lori and Vijay-Shanker, K},
  booktitle={Proceedings of the International Working Conference on Mining Software Repositories},
  pages={71--80},
  year={2009},
  organization={IEEE}
}
@inproceedings{butler2011improving,
  title="{Improving the tokenisation of identifier names}",
  author={Butler, Simon and Wermelinger, Michel and Yu, Yijun and Sharp, Helen},
  booktitle={Proceedings of the European Conference on Object-Oriented Programming},
  pages={130--154},
  year={2011},
  organization={Springer}
}
@article{hill2014empirical,
  title="{An empirical study of identifier splitting techniques}",
  author={Hill, Emily and Binkley, David and Lawrie, Dawn and Pollock, Lori and Vijay-Shanker, K},
  journal={Empirical Software Engineering},
  volume={19},
  number={6},
  pages={1754--1780},
  year={2014},
  publisher={Springer}
}
@inproceedings{hill2008amap,
  title="{AMAP: Automatically mining abbreviation expansions in programs to enhance software maintenance tools}",
  author={Hill, Emily and Fry, Zachary P and Boyd, Haley and Sridhara, Giriprasad and Novikova, Yana and Pollock, Lori and Vijay-Shanker, K},
  booktitle={Proceedings of the International Working Conference on Mining Software Repositories},
  pages={79--88},
  year={2008},
  organization={ACM}
}
@inproceedings{madani2010recognizing,
  title="{Recognizing words from source code identifiers using speech recognition techniques}",
  author={Madani, Nioosha and Guerrouj, Latifa and Di Penta, Massimiliano and Gueheneuc, Yann-Gael and Antoniol, Giuliano},
  booktitle={Proceedings of the European Conference on Software Maintenance and Reengineering},
  pages={68--77},
  year={2010},
  organization={IEEE}
}
@inproceedings{corazza2012linsen,
  title="{LINSEN: An efficient approach to split identifiers and expand abbreviations}",
  author={Corazza, Anna and Di Martino, Sergio and Maggio, Valerio},
  booktitle={Proceedings of the International Conference on Software Maintenance},
  pages={233--242},
  year={2012},
  organization={IEEE}
}
@article{guerrouj2013tidier,
  title="{Tidier: An identifier splitting approach using speech recognition techniques}",
  author={Guerrouj, Latifa and Di Penta, Massimiliano and Antoniol, Giuliano and Gu{\'e}h{\'e}neuc, Yann-Ga{\"e}l},
  journal={Journal of Software: Evolution and Process},
  volume={25},
  number={6},
  pages={575--599},
  year={2013},
  publisher={Wiley Online Library}
}